@book{courant:mate,
author = {Courant, Richard and Robbins, Herbert},
title = {Che cos'Ã¨ la matematica?},
OPTsubtitle = {Introduzione elementare ai suoi concetti e metodi},
date = {2000},
OPTeditor = {Bollati Boringhieri},
OPTedition = {2}
}

@mvbook{blu:1,
author = {Bergamini, Massimo and Barozzi, Graziella},
title = {Matematica multimediale.blu},
date = {2014},
OPTvolumes = {5},
OPTnumber = {1}
}

@online{eq:ter,
title = {Equazioni di terzo e quarto grado},
url = {http://www.dmf.unicatt.it/~degiova/lincei/equazioni_di_terzo_e_quarto_grado.pdf}
}


